<?xml version="1.0" encoding="UTF-8"?><collection xmlns="http://www.loc.gov/MARC21/slim"><record><leader>00596nam--2200229-u-4500</leader><controlfield tag="001">000050437</controlfield><controlfield tag="002">20161230</controlfield><controlfield tag="003">81829</controlfield><controlfield tag="005">20161230201048</controlfield><controlfield tag="008">070322s1000------------r-----000-0-eng-d</controlfield><datafield ind1=" " ind2=" " tag="020"><subfield code="a">3-540-43111-X</subfield></datafield><datafield ind1=" " ind2=" " tag="040"><subfield code="a">IFIN-HH</subfield></datafield><datafield ind1=" " ind2=" " tag="041"><subfield code="a">eng</subfield></datafield><datafield ind1="1" ind2=" " tag="100"><subfield code="a">Haupt,P</subfield></datafield><datafield ind1="1" ind2="0" tag="245"><subfield code="a">Continuum Mechanics and Teory of Materials</subfield><subfield code="c">Peter Haupt</subfield></datafield><datafield ind1=" " ind2=" " tag="250"><subfield code="a">Second Edition</subfield></datafield><datafield ind1=" " ind2=" " tag="260"><subfield code="a">Berlin</subfield><subfield code="b">Springer-Verlag</subfield><subfield code="c">2002</subfield></datafield><datafield ind1=" " ind2=" " tag="300"><subfield code="a">643 p</subfield></datafield><datafield ind1=" " ind2=" " tag="504"><subfield code="a">Includes Index. With 91 Figures</subfield></datafield><datafield ind1=" " ind2="4" tag="650"><subfield code="a">Balance Relations of mechanics</subfield></datafield><datafield ind1=" " ind2=" " tag="852"><subfield code="a">81829</subfield><subfield code="c">531</subfield></datafield><datafield ind1=" " ind2=" " tag="CAT"><subfield code="a">Sys</subfield><subfield code="c">20100511</subfield><subfield code="h">095304</subfield></datafield></record></collection>